@misc{cs61c,
  author =       {{CS 61C}},
  title =        {Project 4: Performance programming},
  howpublished =  {https://inst.eecs.berkeley.edu/~cs61c/ sp19/projects/proj4/}
}
@MISC{cs231n,
   author = {Stanford University CS231n: Deep Learning for Computer Vision},
   howpublished = {http://cs231n.stanford.edu/}
}
 @misc{cifar-10,
 title = {https://www.cs.toronto.edu/~kriz/cifar.html},
 author = {CIFAR-10 and CIFAR-100 datasets}
 } 
